@Article{Ver15,
  author  = {Aleksey V. Verkhovtsev and Andrei V. Korol and Andrey V. Solov'yov},
  title   = {Revealing the mechanism of the low-energy electron yield enhancement from
	           seisitizing nanoparticles},
  journal = {Physical Review Letters},
  year    = {2015},
  volume  = {114},
  pages   = {063401},
	doi     = {10.1103/PhysRevLett.114.063401},
  url     = {journals.aps.org},
	urldate = {2015-02-10}
}

@Article{Ren14,
  author  = {Kimmo Rentola},
  title   = {Oliko {S}uojelupoliisin p{\"a}{\"a}llikk{\"o} {KGB}:n agentti?
	           {T}iedustelututkimuksen metodologiaa},
  journal = {Tieteess{\"a} tapahtuu},
  year    = {2014},
  volume  = {32},
  number  = {6},
  pages   = {3--10},
  url     = {http://www.tieteessatapahtuu.fi/},
	urldate = {2015-02-11}
}

@Book{Ash76,
  author    = {Neil W. Ashcroft and N. David Mermin},
  title     = {Solid State Physics},
  publisher = {Saunders College},
  year      = {1976},
  address   = {Philadelphia}
}

@Book{You14,
  author    = {Hugh D. Young and Roger A. Freedman},
  title     = {Sears and Zemansky's University Physics with Modern Physics},
  publisher = {Pearson},
  year      = {2014/2008},
  address   = {Boston},
  edition   = {13}
}

@Book{Gos07,
  editor    = {D. Yogi Goswami},
  title     = {Advances in Solar Energy--An Annual Review of Research and Development},
  publisher = {Earthscan},
  year      = {2007},
  volume    = {17},
  address   = {Lontoo}
}

@InCollection{Sch07,
  author    = {H. Schweiger and J. {Farinha Mender} and M. J. Carvalho and K. Hennecke and 
	             D. Kru{\"u}ger},
  title     = {Solar heat for industrial processes},
  booktitle = {Advances in Solar Energy--An Annual Review of Research and Development},
  pages     = {216--260},
  publisher = {Earthscan},
  year      = {2007},
  editor    = {D. Yogi Goswami},
  volume    = {17},
  address   = {Lontoo}
}

@InProceedings{Gav12,
  author    = {J. Gavillet and S. No{\"e}l and T. Caroff},
  title     = {Photovoltaic energy production enhanced by coupling thermal storage with
	             thermoelectric conversion},
  booktitle = {Proceedings of the 27th European Photovoltaic Solar Energy Conference and
	             Exhibition (EU PVSEC)},
  pages     = {293--297},
  year      = {2012},
  url       = {https://www.eupvsec-proceedings.com/},
	urldate   = {2015-02-11}
}

@TechReport{Mak89,
  author      = {Raino M{\"a}kinen and Kimmo Salmenjoki},
  title       = {Numeeriset menetelm{\"a}t},
  institution = {Jyv{\"a}skyl{\"a}n yliopisto},
  year        = {1989},
  type        = {Matematiikan laitoksen luentomoniste},
  number      = {12},
  address     = {Jyv{\"a}skyl{\"a}}
}

@TechReport{Mal14,
  author      = {Mikko Malmivuo and Juha Luoma},
  title       = {Nasta- ja kitkarenkaat kuolemaan johtaneissa talviajan onnettomuuksissa},
  institution = {VTT},
  year        = {2014},
  type        = {VTT Technology},
  number      = {204},
  address     = {Espoo}
}

@MastersThesis{Hyt14,
  author  = {Pauli Hyt{\"o}l{\"a}},
  title   = {Py{\"o}rimisliikkeen k{\"a}sittely lukion oppikirjoissa},
  school  = {Jyv{\"a}skyl{\"a}n yliopisto, Fysiikan laitos},
  year    = {2014},
  type    = {LuK-tutkielma},
  address = {Jyv{\"a}skyl{\"a}}
}

@MastersThesis{Luo14a,
  author  = {Jasmin Luostarinen},
  title   = {Aurinkos{\"a}hk{\"o}n tekninen potentiaali {J}yv{\"a}skyl{\"a}ss{\"a}},
  school  = {Jyv{\"a}skyl{\"a}n yliopisto, Fysiikan laitos},
  year    = {2014},
  type    = {pro gradu -tutkielma},
  address = {Jyv{\"a}skyl{\"a}},
  url     = {jyx.jyu.fi},
	urldate = {2015-02-11}
}

@MastersThesis{Luo14b,
  author  = {Jasmin Luostarinen},
  title   = {Aurinkos{\"a}hk{\"o}n tekninen potentiaali {J}yv{\"a}skyl{\"a}ss{\"a}},
  school  = {Jyv{\"a}skyl{\"a}n yliopisto, Fysiikan laitos},
  year    = {2014},
  type    = {pro gradu -tutkielma},
  address = {Jyv{\"a}skyl{\"a}},
  url     = {http://urn.fi/URN:NBN:fi:jyu-201412303590},
	urldate = {2015-02-11}
}

@PhdThesis{Son15,
  author  = {Volker Sonnenschein},
  title   = {Laser developments and high resolution resonance ionization spectroscopy of 
	           actide elements},
  school  = {Jyv{\"a}skyl{\"a}n yliopisto, Fysiikan laitos},
  year    = {2015},
  address = {Jyv{\"a}skyl{\"a}},
  url     = {http://urn.fi/URN:ISBN:978-951-39-6050-6},
	urldate = {2015-02-11}
}

@Article{Lai14,
  author  = {Mikko Laitinen and Timo Sajavaara},
  title   = {Trajectory bending and energy spreading of charged ions in time-of-flight
	           telescopes used for ion beam analysis},
  journal = {Nuclear Instruments \& Methods in Physics Research. Section B: Beam 
	           Interactions with Materials and Atoms},
  year    = {2014},
  volume  = {325},
  pages   = {101--106},
	doi     = {10.1016/j.nimb.2014.01.015},
  url     = {http://urn.fi/URN:NBN:fi:jyu-201501221161},
	urldate = {2015-11-02}
}

@Book{Duf13,
  author    = {John A. Duffie and William A. Beckman},
  title     = {Solar engineering of thermal processes},
  publisher = {John Wiley \& Sons},
  year      = {2013},
  edition   = {4},
  url       = {www.ebrary.com},
	urldate   = {2015-02-11}
}

@Misc{Mer96,
  author     = {Juha Merikoski and See-Chen Ying},
  title      = {Diffusion on a stepped substrate},
	eprint     = {cond-mat/9605128},
	eprinttype = {arXiv},
  year       = {1996}
}
